@misc{bcm4751,
  title = "{Broadcom BCM4751 Integrated Monolithic GPS Receiver}",
  howpublished = {\url{http://www.broadcom.com/products/GPS/GPS-Silicon-Solutions/BCM4751}},
  keyword = {wifi-direct},
}

@inproceedings{banerjee:ubicomp:2007,
  author = {Banerjee, Nilanjan and Rahmati, Ahmad and Corner, Mark D. and
    Rollins, Sami and Zhong, Lin},
  title = "{Users and Batteries: Interactions and Adaptive Energy Management in
    Mobile Systems}",
  booktitle = {UbiComp},
  year = {2007},
} 

@inproceedings{rahmati:mobilehci:2007,
  author = {Rahmati, Ahmad and Qian, Angela and Zhong, Lin},
  title = "{Understanding Human-Battery Interaction on Mobile Phones}",
  booktitle = {MobileHCI},
  year = {2007},
}

@inproceedings{shye:micro:2009,
  author = {Shye, Alex and Scholbrock, Benjamin and Memik, Gokhan},
  title = "{Into the Wild: Studying Real User Activity Patterns to Guide Power
    Optimizations for Mobile Architectures}",
  booktitle = {MICRO},
  year = {2009},
} 
