@inproceedings{kim:fast:2012,
author = {Kim, Hyojun and Agrawal, Nitin and Ungureanu, Cristian},
title = "{Revisiting Storage for Smartphones}",
booktitle = {Proceedings of the 10th USENIX Conference on File and Storage
  Technologies (FAST)},
year = {2012},
} 

@inproceedings{shye:micro:2009,
author = {Shye, Alex and Scholbrock, Benjamin and Memik, Gokhan},
title = "{Into the Wild: Studying Real User Activity Patterns to Guide Power
  Optimizations for Mobile Architectures}",
booktitle = {Proceedings of the 42nd Annual IEEE/ACM International Symposium on
  Microarchitecture (MICRO)},
year = {2009},
} 

@inproceedings{falaki:mobisys:2010,
author = {Falaki, Hossein and Mahajan, Ratul and Kandula, Srikanth and
  Lymberopoulos, Dimitrios and Govindan, Ramesh and Estrin, Deborah},
title = "{Diversity in Smartphone Usage}",
booktitle = {Proceedings of the 8th International Conference on Mobile Systems,
  Applications, and Services},
year = {2010},
} 

@inproceedings{xu:imc:2011,
author = {Xu, Qiang and Erman, Jeffrey and Gerber, Alexandre and Mao, Zhuoqing
  and Pang, Jeffrey and Venkataraman, Shobha},
title = "{Identifying Diverse Usage Behaviors of Smartphone Apps}",
booktitle = {Proceedings of the 2011 ACM SIGCOMM Conference on Internet
  Measurement Conference (IMC)},
year = {2011},
} 

@article{peterson:ccr:2003,
author = {Peterson, Larry and Anderson, Tom and Culler, David and Roscoe,
  Timothy},
title = "{A Blueprint for Introducing Disruptive Technology into the Internet}",
journal = {SIGCOMM Comput. Commun. Rev.},
issue_date = {January 2003},
volume = {33},
number = {1},
month = jan,
year = {2003},
issn = {0146-4833},
pages = {59--64},
numpages = {6},
url = {http://doi.acm.org/10.1145/774763.774772},
doi = {10.1145/774763.774772},
acmid = {774772},
publisher = {ACM},
address = {New York, NY, USA},
} 

@misc{planetlab,
  howpublished = {\url{http://planet-lab.org/}},
  keyword = {planetlab},
}

@inproceedings{white:osdi:2002,
Author = {Brian White and Jay Lepreau and Leigh Stoller and Robert Ricci and
  Shashi Guruprasad and Mac Newbold and Mike Hibler and Chad Barb and Abhijeet
    Joglekar},
Title="{An Integrated Experimental Environment for Distributed Systems and
  Networks}",
booktitle = {Proceedings of the Fifth Symposium on Operating Systems Design and
  Implementation (OSDI)},
year = {2002},
}

@misc{emulab,
  howpublished = {\url{http://emulab.net/}},
  keyword = {emulab},
}
